@incollection{goodfellow2014,
title = {Generative Adversarial Nets},
author = {Goodfellow, Ian and Pouget-Abadie, Jean and Mirza, Mehdi and Xu, Bing and Warde-Farley, David and Ozair, Sherjil and Courville, Aaron and Bengio, Yoshua},
booktitle = {Advances in Neural Information Processing Systems 27},
editor = {Z. Ghahramani and M. Welling and C. Cortes and N. D. Lawrence and K. Q. Weinberger},
pages = {2672--2680},
year = {2014},
publisher = {Curran Associates, Inc.},
url = {http://papers.nips.cc/paper/5423-generative-adversarial-nets.pdf}
}

@article{radford2015,
  title={Unsupervised Representation Learning with Deep Convolutional Generative Adversarial Networks},
  author={Alec Radford and Luke Metz and Soumith Chintala},
  journal={CoRR},
  year={2015},
  volume={abs/1511.06434}
}
@inproceedings{yeh2017,
  title={Semantic image inpainting with deep generative models},
  author={Yeh, Raymond A and Chen, Chen and Yian Lim, Teck and Schwing, Alexander G and Hasegawa-Johnson, Mark and Do, Minh N},
  booktitle={Proceedings of the IEEE conference on computer vision and pattern recognition},
  pages={5485--5493},
  year={2017}
}
@article{zhu2017,
  title={Unpaired Image-to-Image Translation Using Cycle-Consistent Adversarial Networks},
  author={Jun-Yan Zhu and Taesung Park and Phillip Isola and Alexei A. Efros},
  journal={2017 IEEE International Conference on Computer Vision (ICCV)},
  year={2017},
  pages={2242-2251}
}
@article{karras2018,
  title={A Style-Based Generator Architecture for Generative Adversarial Networks},
  author={Tero Karras and Samuli Laine and Timo Aila},
  journal={2019 IEEE/CVF Conference on Computer Vision and Pattern Recognition (CVPR)},
  year={2018},
  pages={4396-4405}
}
@article{kang2019,
author = {Kang, Yuhao and Gao, Song and Roth, Robert},
year = {2019},
month = {05},
pages = {},
title = {Transferring Multiscale Map Styles Using Generative Adversarial Networks},
journal = {International Journal of Cartography},
doi = {10.1080/23729333.2019.1615729}
}